@article{EnsembleHeller2023,
  title = {Multisource neural network feature map fusion: An efficient strategy to detect plant diseases},
  volume = {19},
  ISSN = {2667-3053},
  url = {http://dx.doi.org/10.1016/j.iswa.2023.200264},
  DOI = {10.1016/j.iswa.2023.200264},
  journal = {Intelligent Systems with Applications},
  publisher = {Elsevier BV},
  author = {Heller,  Guillaume and Perrin,  Eric and Vrabie,  Valeriu and Dusart,  Cedric and Panon,  Marie-Laure and Loyaux,  Marie and Le Roux,  Solen},
  year = {2023},
  month = sep,
  pages = {200264}
},

@inproceedings{liu2023simplenet,
  title={SimpleNet: A Simple Network for Image Anomaly Detection and Localization},
  author={Liu, Zhikang and Zhou, Yiming and Xu, Yuansheng and Wang, Zilei},
  booktitle={Proceedings of the IEEE/CVF Conference on Computer Vision and Pattern Recognition},
  pages={20402--20411},
  year={2023}
},

@article{patchCore2022,
  title={Towards total recall in industrial anomaly detection}, 
  DOI={10.1109/cvpr52688.2022.01392}, 
  journal={2022 IEEE/CVF Conference on Computer Vision and Pattern Recognition (CVPR)}, 
  author={Roth, Karsten and Pemula, Latha and Zepeda, Joaquin and Scholkopf, Bernhard and Brox, Thomas and Gehler, Peter}, 
  year={2022}, 
  month={Jun}, 
  pages={14318–14328}
},

@InProceedings{revdist2023,
    author    = {Tien, Tran Dinh and Nguyen, Anh Tuan and Tran, Nguyen Hoang and Huy, Ta Duc and Duong, Soan T.M. and Nguyen, Chanh D. Tr. and Truong, Steven Q. H.},
    title     = {Revisiting Reverse Distillation for Anomaly Detection},
    booktitle = {Proceedings of the IEEE/CVF Conference on Computer Vision and Pattern Recognition (CVPR)},
    month     = {June},
    year      = {2023},
    pages     = {24511-24520}
},

@inproceedings {csflow2022,
  author = {Marco Rudolph and Tom Wehrbein and Bodo Rosenhahn and Bastian Wandt},
  title = {Fully Convolutional Cross-Scale-Flows for Image-based Defect Detection},
  booktitle = {Winter Conference on Applications of Computer Vision (WACV)},
  year = {2022},
  url = {arxiv},
  month = jan
},

@article{liu2024deep,
  title={Deep industrial image anomaly detection: A survey},
  author={Liu, Jiaqi and Xie, Guoyang and Wang, Jinbao and Li, Shangnian and Wang, Chengjie and Zheng, Feng and Jin, Yaochu},
  journal={Machine Intelligence Research},
  volume={21},
  number={1},
  pages={104--135},
  year={2024},
  publisher={Springer}
},

@article{xie2020benchmarking,
  title={Benchmarking Anomaly Detection Algorithms},
  author={Xie, Guoyang and Wang, Jinbao and Liu, Jiaqi and Lyu, Jiayi and Liu, Yong and Wang, Chengjie and Zheng, Feng and Jin, Yaochu},
  journal={Journal of LaTeX Class Files},
  volume={18},
  number={9},
  year={2020}
},

@article{LOCODentsAndScratchesBergmann2022,
  title = {Beyond Dents and Scratches: Logical Constraints in Unsupervised Anomaly Detection and Localization},
  volume = {130},
  ISSN = {1573-1405},
  url = {http://dx.doi.org/10.1007/s11263-022-01578-9},
  DOI = {10.1007/s11263-022-01578-9},
  number = {4},
  journal = {International Journal of Computer Vision},
  publisher = {Springer Science and Business Media LLC},
  author = {Bergmann,  Paul and Batzner,  Kilian and Fauser,  Michael and Sattlegger,  David and Steger,  Carsten},
  year = {2022},
  month = feb,
  pages = {947–969}
}










